@BOOK{jfji,
  author = {Delahaye Jean-Paul},
  title = {Jeux finis et infinis},
  publisher = {Éd. du Seuil},
  year = {2010}
}

@ARTICLE{tsgE,
  author = {P.M. Grundy},
  title = {Mathematics and Games},
  journal = {Eureka},
  year = {1964}
}

@ARTICLE{UleHack,
  author = {J. Ulehla},
  title = {A Complete Analysis of Von Neumann's Hackendot},
  journal = {Int. Journal of Game Theory},
  year = {1979}
}

@BOOK{SamWor,
  author = {Samuel Giraudot, Cédric Leroy},
  title = {Rapport de Projet},
  year = {2006}
}
